<?xml version="1.0" encoding="UTF-8"?><collection xmlns="http://www.loc.gov/MARC21/slim"><record><leader>00564nam--2200193-i-4500</leader><controlfield tag="001">000018780</controlfield><controlfield tag="002">20161230</controlfield><controlfield tag="005">20161230201032</controlfield><controlfield tag="008">060222s1000------------r-----000-0-ger-d</controlfield><datafield ind1=" " ind2=" " tag="040"><subfield code="a">IFIN-HH</subfield></datafield><datafield ind1=" " ind2=" " tag="041"><subfield code="a">ger</subfield></datafield><datafield ind1=" " ind2=" " tag="080"><subfield code="a">539.142:539.4</subfield></datafield><datafield ind1="1" ind2=" " tag="100"><subfield code="a">Flach, Gunter</subfield></datafield><datafield ind1="1" ind2="0" tag="245"><subfield code="a">Gruppentheoretische methoden im schalenmodell der kerne</subfield><subfield code="b">Teil i. gruppentheoretische grundlagen</subfield><subfield code="c">Gunter flach, roland reif</subfield></datafield><datafield ind1=" " ind2=" " tag="260"><subfield code="a">Berlin</subfield><subfield code="b">Akademie-verlag</subfield><subfield code="c">1964</subfield></datafield><datafield ind1=" " ind2=" " tag="300"><subfield code="a">VIII + 234 P</subfield></datafield><datafield ind1="1" ind2=" " tag="700"><subfield code="a">Reif, Roland</subfield></datafield><datafield ind1=" " ind2=" " tag="852"><subfield code="a">21843</subfield><subfield code="c">539.14</subfield></datafield><datafield ind1=" " ind2=" " tag="CAT"><subfield code="a">Sys</subfield><subfield code="c">20120323</subfield><subfield code="h">125237</subfield></datafield></record></collection>